
@misc{gerstaecker_single_2020,
	title = {Single {Page} {Applications}: {The} {Rise} of {Web} {Apps} in 2020},
	url = {https://hackernoon.com/single-page-applications-the-rise-of-web-apps-in-2020-un6c32gm},
	urldate = {2021-02-08},
	journal = {Hackernoon},
	author = {Gerstaecker, Hannah},
	month = mar,
	year = {2020},
	file = {Single Page Applications\: The Rise of Web Apps in 2020 | Hacker Noon:C\:\\Users\\Dominic\\Zotero\\storage\\UMJ4AAJF\\single-page-applications-the-rise-of-web-apps-in-2020-un6c32gm.html:text/html}
}

@misc{a_best_2020,
	title = {The {Best} {JS} {Frameworks} for {Front} {End}},
	url = {https://rubygarage.org/blog/best-javascript-frameworks-for-front-end},
	abstract = {Choosing a JavaScript framework for frontend web development is very difficult given how many JavaScript frameworks exist. The following article will reduce your choice to five JS frameworks.},
	urldate = {2021-02-08},
	author = {A., Sviatoslav},
	month = jan,
	year = {2020},
	file = {Snapshot:C\:\\Users\\Dominic\\Zotero\\storage\\58YTCNXI\\best-javascript-frameworks-for-front-end.html:text/html}
}
